@article{Hoang:1999zc,
      author         = "Hoang, A. H. and Teubner, T.",
      title          = "{Top quark pair production close to threshold: Top mass,
                        width and momentum distribution}",
      journal        = "Phys. Rev.",
      volume         = "D60",
      year           = "1999",
      pages          = "114027",
      doi            = "10.1103/PhysRevD.60.114027",
      eprint         = "hep-ph/9904468",
      archivePrefix  = "arXiv",
      primaryClass   = "hep-ph",
      reportNumber   = "CERN-TH-99-59, DESY-99-047",
      SLACcitation   = "%%CITATION = HEP-PH/9904468;%%"
}
@article{Marquard:2015qpa,
      author         = "Marquard, Peter and Smirnov, Alexander V. and Smirnov,
                        Vladimir A. and Steinhauser, Matthias",
      title          = "{Quark Mass Relations to Four-Loop Order in Perturbative
                        QCD}",
      journal        = "Phys. Rev. Lett.",
      volume         = "114",
      year           = "2015",
      number         = "14",
      pages          = "142002",
      doi            = "10.1103/PhysRevLett.114.142002",
      eprint         = "1502.01030",
      archivePrefix  = "arXiv",
      primaryClass   = "hep-ph",
      reportNumber   = "DESY-15-013, TTP15-01, SFB-CPP-14-120",
      SLACcitation   = "%%CITATION = ARXIV:1502.01030;%%"
}
@article{Fleming:2007qr,
      author         = "Fleming, Sean and Hoang, Andre H. and Mantry, Sonny and
                        Stewart, Iain W.",
      title          = "{Jets from massive unstable particles: Top-mass
                        determination}",
      journal        = "Phys. Rev.",
      volume         = "D77",
      year           = "2008",
      pages          = "074010",
      doi            = "10.1103/PhysRevD.77.074010",
      eprint         = "hep-ph/0703207",
      archivePrefix  = "arXiv",
      primaryClass   = "hep-ph",
      reportNumber   = "MIT-CTP-3791, CALT-68-2624, MPP-2007-9",
      SLACcitation   = "%%CITATION = HEP-PH/0703207;%%"
}
@article{Beneke:1998rk,
      author         = "Beneke, M.",
      title          = "{A Quark mass definition adequate for threshold
                        problems}",
      journal        = "Phys. Lett.",
      volume         = "B434",
      year           = "1998",
      pages          = "115-125",
      doi            = "10.1016/S0370-2693(98)00741-2",
      eprint         = "hep-ph/9804241",
      archivePrefix  = "arXiv",
      primaryClass   = "hep-ph",
      reportNumber   = "CERN-TH-98-120",
      SLACcitation   = "%%CITATION = HEP-PH/9804241;%%"
}
@article{Chetyrkin:1999ys,
      author         = "Chetyrkin, K. G. and Steinhauser, M.",
      title          = "{Short distance mass of a heavy quark at order
                        $\alpha_s^3$}",
      journal        = "Phys. Rev. Lett.",
      volume         = "83",
      year           = "1999",
      pages          = "4001-4004",
      doi            = "10.1103/PhysRevLett.83.4001",
      eprint         = "hep-ph/9907509",
      archivePrefix  = "arXiv",
      primaryClass   = "hep-ph",
      reportNumber   = "BUTP-99-15, TTP-99-33",
      SLACcitation   = "%%CITATION = HEP-PH/9907509;%%"
}
@article{Zenaiev:2015rfa,
    author         = "Zenaiev, Oleksandr and others",
    title          = "{Impact of heavy-flavour production cross sections
    measured by the LHCb experiment on parton distribution
    functions at low x}",
    collaboration  = "PROSA",
    journal        = "Eur. Phys. J.",
    volume         = "C75",
    year           = "2015",
    number         = "8",
    pages          = "396",
    doi            = "10.1140/epjc/s10052-015-3618-z",
    eprint         = "1503.04581",
    archivePrefix  = "arXiv",
    primaryClass   = "hep-ph",
    reportNumber   = "DESY-15-034",
    SLACcitation   = "%%CITATION = ARXIV:1503.04581;%%"
}
@article{Gauld:2015yia,
    author         = "Gauld, Rhorry and Rojo, Juan and Rottoli, Luca and
    Talbert, Jim",
    title          = "{Charm production in the forward region: constraints on
    the small-x gluon and backgrounds for neutrino astronomy}",
    journal        = "JHEP",
    volume         = "11",
    year           = "2015",
    pages          = "009",
    doi            = "10.1007/JHEP11(2015)009",
    eprint         = "1506.08025",
    archivePrefix  = "arXiv",
    primaryClass   = "hep-ph",
    reportNumber   = "OUTP-15-06P, DCPT-15-32, IPPP-15-16",
    SLACcitation   = "%%CITATION = ARXIV:1506.08025;%%"
}
@article{Gauld:2016kpd,
    author         = "Gauld, Rhorry and Rojo, Juan",
    title          = "{Precision determination of the small-$x$ gluon from
    charm production at LHCb}",
    journal        = "Phys. Rev. Lett.",
    volume         = "118",
    year           = "2017",
    number         = "7",
    pages          = "072001",
    doi            = "10.1103/PhysRevLett.118.072001",
    eprint         = "1610.09373",
    archivePrefix  = "arXiv",
    primaryClass   = "hep-ph",
    reportNumber   = "NIKHEF-2016-050",
    SLACcitation   = "%%CITATION = ARXIV:1610.09373;%%"
}
@article{Aaij:2013mga,
    author         = "Aaij, R and others",
    title          = "{Prompt charm production in pp collisions at sqrt(s)=7
    TeV}",
    collaboration  = "LHCb",
    journal        = "Nucl. Phys.",
    volume         = "B871",
    year           = "2013",
    pages          = "1-20",
    doi            = "10.1016/j.nuclphysb.2013.02.010",
    eprint         = "1302.2864",
    archivePrefix  = "arXiv",
    primaryClass   = "hep-ex",
    reportNumber   = "LHCB-PAPER-2012-041, CERN-PH-EP-2013-009",
    SLACcitation   = "%%CITATION = ARXIV:1302.2864;%%"
}
@article{Aaij:2013noa,
    author         = "Aaij, R and others",
    title          = "{Measurement of B meson production cross-sections in
    proton-proton collisions at $\sqrt{s}$ = 7 TeV}",
    collaboration  = "LHCb",
    journal        = "JHEP",
    volume         = "08",
    year           = "2013",
    pages          = "117",
    doi            = "10.1007/JHEP08(2013)117",
    eprint         = "1306.3663",
    archivePrefix  = "arXiv",
    primaryClass   = "hep-ex",
    reportNumber   = "CERN-PH-EP-2013-095, LHCB-PAPER-2013-004",
    SLACcitation   = "%%CITATION = ARXIV:1306.3663;%%"
}
@article{Aaron:2009aa,
    author         = "Aaron, F. D. and others",
    title          = "{Combined Measurement and QCD Analysis of the Inclusive
    e+- p Scattering Cross Sections at HERA}",
    collaboration  = "H1, ZEUS",
    journal        = "JHEP",
    volume         = "01",
    year           = "2010",
    pages          = "109",
    doi            = "10.1007/JHEP01(2010)109",
    eprint         = "0911.0884",
    archivePrefix  = "arXiv",
    primaryClass   = "hep-ex",
    reportNumber   = "DESY-09-158",
    SLACcitation   = "%%CITATION = ARXIV:0911.0884;%%"
}
@article{Abramowicz:2014zub,
    author         = "Abramowicz, H. and others",
    title          = "{Measurement of beauty and charm production in deep
    inelastic scattering at HERA and measurement of the
    beauty-quark mass}",
    collaboration  = "ZEUS",
    journal        = "JHEP",
    volume         = "09",
    year           = "2014",
    pages          = "127",
    doi            = "10.1007/JHEP09(2014)127",
    eprint         = "1405.6915",
    archivePrefix  = "arXiv",
    primaryClass   = "hep-ex",
    reportNumber   = "DESY-14-083",
    SLACcitation   = "%%CITATION = ARXIV:1405.6915;%%"
}
@article{Abramowicz:1900rp,
    author         = "Abramowicz, H. and others",
    title          = "{Combination and QCD Analysis of Charm Production Cross
    Section Measurements in Deep-Inelastic ep Scattering at
    HERA}",
    collaboration  = "H1, ZEUS",
    journal        = "Eur. Phys. J.",
    volume         = "C73",
    year           = "2013",
    number         = "2",
    pages          = "2311",
    doi            = "10.1140/epjc/s10052-013-2311-3",
    eprint         = "1211.1182",
    archivePrefix  = "arXiv",
    primaryClass   = "hep-ex",
    reportNumber   = "DESY-12-172",
    SLACcitation   = "%%CITATION = ARXIV:1211.1182;%%"
}
@article{Baernreuther:2012ws,
    author         = "B{\"a}rnreuther, Peter and Czakon, Michal and Mitov,
    Alexander",
    title          = "{Percent Level Precision Physics at the Tevatron: First
    Genuine NNLO QCD Corrections to $q \bar{q} \to t \bar{t} +
    X$}",
    journal        = "Phys. Rev. Lett.",
    volume         = "109",
    year           = "2012",
    pages          = "132001",
    doi            = "10.1103/PhysRevLett.109.132001",
    eprint         = "1204.5201",
    archivePrefix  = "arXiv",
    primaryClass   = "hep-ph",
    reportNumber   = "CERN-PH-TH-2012-092",
    SLACcitation   = "%%CITATION = ARXIV:1204.5201;%%"
}
@article{Czakon:2012zr,
    author         = "Czakon, Michal and Mitov, Alexander",
    title          = "{NNLO corrections to top-pair production at hadron
    colliders: the all-fermionic scattering channels}",
    journal        = "JHEP",
    volume         = "12",
    year           = "2012",
    pages          = "054",
    doi            = "10.1007/JHEP12(2012)054",
    eprint         = "1207.0236",
    archivePrefix  = "arXiv",
    primaryClass   = "hep-ph",
    reportNumber   = "CERN-PH-TH-2012-181",
    SLACcitation   = "%%CITATION = ARXIV:1207.0236;%%"
}
@article{Czakon:2012pz,
    author         = "Czakon, Michal and Mitov, Alexander",
    title          = "{NNLO corrections to top pair production at hadron
    colliders: the quark-gluon reaction}",
    journal        = "JHEP",
    volume         = "01",
    year           = "2013",
    pages          = "080",
    doi            = "10.1007/JHEP01(2013)080",
    eprint         = "1210.6832",
    archivePrefix  = "arXiv",
    primaryClass   = "hep-ph",
    reportNumber   = "CERN-PH-TH-2012-286",
    SLACcitation   = "%%CITATION = ARXIV:1210.6832;%%"
}
@article{Czakon:2013goa,
    author         = "Czakon, Michal and Fiedler, Paul and Mitov, Alexander",
    title          = "{Total Top-Quark Pair-Production Cross Section at Hadron
    Colliders Through $O(\alpha\frac{4}{S})$}",
    journal        = "Phys. Rev. Lett.",
    volume         = "110",
    year           = "2013",
    pages          = "252004",
    doi            = "10.1103/PhysRevLett.110.252004",
    eprint         = "1303.6254",
    archivePrefix  = "arXiv",
    primaryClass   = "hep-ph",
    reportNumber   = "CERN-PH-TH-2013-056, TTK-13-08",
    SLACcitation   = "%%CITATION = ARXIV:1303.6254;%%"
}
@article{Acharya:2019mgn,
    author         = "Acharya, Shreyasi and others",
    title          = "{Measurement of ${{\mathrm{D}}^0}$ , ${{\mathrm{D}}^+}$ ,
    ${{\mathrm{D}}^{*+}}$ and ${{\mathrm{D}}^+_{\mathrm{s}}}$
    production in pp collisions at
    ${\sqrt{{\textit{s}}}~=~5.02~{\text {TeV}}}$ with ALICE}",
collaboration  = "ALICE",
journal        = "Eur. Phys. J.",
volume         = "C79",
year           = "2019",
number         = "5",
pages          = "388",
doi            = "10.1140/epjc/s10052-019-6873-6",
eprint         = "1901.07979",
archivePrefix  = "arXiv",
primaryClass   = "nucl-ex",
reportNumber   = "CERN-EP-2019-004",
SLACcitation   = "%%CITATION = ARXIV:1901.07979;%%"
}
@article{Acharya:2017jgo,
author         = "Acharya, Shreyasi and others",
title          = "{Measurement of D-meson production at mid-rapidity in pp
    collisions at ${\sqrt{s}=7}$  TeV}",
collaboration  = "ALICE",
journal        = "Eur. Phys. J.",
volume         = "C77",
year           = "2017",
number         = "8",
pages          = "550",
doi            = "10.1140/epjc/s10052-017-5090-4",
eprint         = "1702.00766",
archivePrefix  = "arXiv",
primaryClass   = "hep-ex",
reportNumber   = "CERN-EP-2017-020",
SLACcitation   = "%%CITATION = ARXIV:1702.00766;%%"
}
@article{Aaij:2015bpa,
author         = "Aaij, Roel and others",
title          = "{Measurements of prompt charm production cross-sections
    in $pp$ collisions at $ \sqrt{s}=13 $ TeV}",
collaboration  = "LHCb",
journal        = "JHEP",
volume         = "03",
year           = "2016",
pages          = "159",
doi            = "10.1007/JHEP03(2016)159, 10.1007/JHEP09(2016)013,
10.1007/JHEP05(2017)074",
note           = "[Erratum: JHEP05,074(2017)]",
eprint         = "1510.01707",
archivePrefix  = "arXiv",
primaryClass   = "hep-ex",
reportNumber   = "LHCB-PAPER-2015-041, CERN-PH-EP-2015-272",
SLACcitation   = "%%CITATION = ARXIV:1510.01707;%%"
}
@article{Aaij:2016jht,
author         = "Aaij, Roel and others",
title          = "{Measurements of prompt charm production cross-sections
    in pp collisions at $ \sqrt{s}=5 $ TeV}",
collaboration  = "LHCb",
journal        = "JHEP",
volume         = "06",
year           = "2017",
pages          = "147",
doi            = "10.1007/JHEP06(2017)147",
eprint         = "1610.02230",
archivePrefix  = "arXiv",
primaryClass   = "hep-ex",
reportNumber   = "CERN-EP-2016-244, LHCB-PAPER-2016-042",
SLACcitation   = "%%CITATION = ARXIV:1610.02230;%%"
}
@article{Aad:2015zix,
author         = "Aad, Georges and others",
title          = "{Measurement of $D^{*\pm}$, $D^\pm$ and $D_s^\pm$ meson
    production cross sections in $pp$ collisions at
    $\sqrt{s}=7$ TeV with the ATLAS detector}",
collaboration  = "ATLAS",
journal        = "Nucl. Phys.",
volume         = "B907",
year           = "2016",
pages          = "717-763",
doi            = "10.1016/j.nuclphysb.2016.04.032",
eprint         = "1512.02913",
archivePrefix  = "arXiv",
primaryClass   = "hep-ex",
reportNumber   = "CERN-PH-EP-2015-288",
SLACcitation   = "%%CITATION = ARXIV:1512.02913;%%"
}
@article{Tanabashi:2018oca,
author         = "Tanabashi, M. and others",
title          = "{Review of Particle Physics}",
collaboration  = "Particle Data Group",
journal        = "Phys. Rev.",
volume         = "D98",
year           = "2018",
number         = "3",
pages          = "030001",
doi            = "10.1103/PhysRevD.98.030001",
SLACcitation   = "%%CITATION = PHRVA,D98,030001;%%"
}
@article{Alekhin:2018pai,
author         = "Alekhin, S. and Bl{"u}mlein, J. and Moch, S.",
title          = "{NLO PDFs from the ABMP16 fit}",
journal        = "Eur. Phys. J.",
volume         = "C78",
year           = "2018",
number         = "6",
pages          = "477",
doi            = "10.1140/epjc/s10052-018-5947-1",
eprint         = "1803.07537",
archivePrefix  = "arXiv",
primaryClass   = "hep-ph",
reportNumber   = "DESY 18-026, DO-TH 17/28, DESY-18-026, DO-TH-17-28",
SLACcitation   = "%%CITATION = ARXIV:1803.07537;%%"
}
@article{Alekhin:2017kpj,
author         = "Alekhin, S. and Bl{"u}mlein, J. and Moch, S. and Placakyte,
R.",
title          = "{Parton distribution functions, $\alpha_s$, and
    heavy-quark masses for LHC Run II}",
journal        = "Phys. Rev.",
volume         = "D96",
year           = "2017",
number         = "1",
pages          = "014011",
doi            = "10.1103/PhysRevD.96.014011",
eprint         = "1701.05838",
archivePrefix  = "arXiv",
primaryClass   = "hep-ph",
reportNumber   = "DESY-16-179, DO-TH-16-13",
SLACcitation   = "%%CITATION = ARXIV:1701.05838;%%"
}
@article{Dulat:2015mca,
author         = "Dulat, Sayipjamal and Hou, Tie-Jiun and Gao, Jun and
Guzzi, Marco and Huston, Joey and Nadolsky, Pavel and
Pumplin, Jon and Schmidt, Carl and Stump, Daniel and Yuan,
C. P.",
title          = "{New parton distribution functions from a global analysis
    of quantum chromodynamics}",
journal        = "Phys. Rev.",
volume         = "D93",
year           = "2016",
number         = "3",
pages          = "033006",
doi            = "10.1103/PhysRevD.93.033006",
eprint         = "1506.07443",
archivePrefix  = "arXiv",
primaryClass   = "hep-ph",
SLACcitation   = "%%CITATION = ARXIV:1506.07443;%%"
}
@article{Harland-Lang:2014zoa,
author         = "Harland-Lang, L. A. and Martin, A. D. and Motylinski, P.
and Thorne, R. S.",
title          = "{Parton distributions in the LHC era: MMHT 2014 PDFs}",
journal        = "Eur. Phys. J.",
volume         = "C75",
year           = "2015",
number         = "5",
pages          = "204",
doi            = "10.1140/epjc/s10052-015-3397-6",
eprint         = "1412.3989",
archivePrefix  = "arXiv",
primaryClass   = "hep-ph",
reportNumber   = "LCTS-2014-47, IPPP-14-97, DCPT-14-194",
SLACcitation   = "%%CITATION = ARXIV:1412.3989;%%"
}
@article{Ball:2017nwa,
author         = "Ball, Richard D. and others",
title          = "{Parton distributions from high-precision collider data}",
collaboration  = "NNPDF",
journal        = "Eur. Phys. J.",
volume         = "C77",
year           = "2017",
number         = "10",
pages          = "663",
doi            = "10.1140/epjc/s10052-017-5199-5",
eprint         = "1706.00428",
archivePrefix  = "arXiv",
primaryClass   = "hep-ph",
reportNumber   = "CAVENDISH-HEP-17-06, CERN-TH-2017-077, EDINBURGH-2017-08,
NIKHEF-2017-006, OUTP-17-04P, TIF-UNIMI-2017-3",
SLACcitation   = "%%CITATION = ARXIV:1706.00428;%%"
}
@article{Jimenez-Delgado:2014twa,
author         = "Jimenez-Delgado, Pedro and Reya, Ewald",
title          = "{Delineating parton distributions and the strong
    coupling}",
journal        = "Phys. Rev.",
volume         = "D89",
year           = "2014",
number         = "7",
pages          = "074049",
doi            = "10.1103/PhysRevD.89.074049",
eprint         = "1403.1852",
archivePrefix  = "arXiv",
primaryClass   = "hep-ph",
reportNumber   = "DO-TH-14-03, JLAB-THY-14-1853",
SLACcitation   = "%%CITATION = ARXIV:1403.1852;%%"
}
@article{Abramowicz:2015mha,
author         = "Abramowicz, H. and others",
title          = "{Combination of measurements of inclusive deep inelastic
    ${e^{\pm }p}$ scattering cross sections and QCD analysis
    of HERA data}",
collaboration  = "H1, ZEUS",
journal        = "Eur. Phys. J.",
volume         = "C75",
year           = "2015",
number         = "12",
pages          = "580",
doi            = "10.1140/epjc/s10052-015-3710-4",
eprint         = "1506.06042",
archivePrefix  = "arXiv",
primaryClass   = "hep-ex",
reportNumber   = "DESY-15-039",
SLACcitation   = "%%CITATION = ARXIV:1506.06042;%%"
}
@article{Aliev:2010zk,
author         = "Aliev, M. and Lacker, H. and Langenfeld, U. and Moch, S.
and Uwer, P. and Wiedermann, M.",
title          = "{HATHOR: HAdronic Top and Heavy quarks crOss section
    calculatoR}",
journal        = "Comput. Phys. Commun.",
volume         = "182",
year           = "2011",
pages          = "1034-1046",
doi            = "10.1016/j.cpc.2010.12.040",
eprint         = "1007.1327",
archivePrefix  = "arXiv",
primaryClass   = "hep-ph",
reportNumber   = "DESY-10-091, HU-EP-10-33, SFB-CPP-10-60",
SLACcitation   = "%%CITATION = ARXIV:1007.1327;%%"
}
@article{Alekhin:2014irh,
author         = "Alekhin, S. and others",
title          = "{HERAFitter}",
journal        = "Eur. Phys. J.",
volume         = "C75",
year           = "2015",
number         = "7",
pages          = "304",
doi            = "10.1140/epjc/s10052-015-3480-z",
eprint         = "1410.4412",
archivePrefix  = "arXiv",
primaryClass   = "hep-ph",
reportNumber   = "DESY-14-188, DESY-REPORT-14-188, FERMILAB-PUB-14-603-CMS",
SLACcitation   = "%%CITATION = ARXIV:1410.4412;%%",
url            = xfitter.org
}
@article{Paukkunen:2014zia,
author         = "Paukkunen, Hannu and Zurita, Pia",
title          = "{PDF reweighting in the Hessian matrix approach}",
journal        = "JHEP",
volume         = "12",
year           = "2014",
pages          = "100",
doi            = "10.1007/JHEP12(2014)100",
eprint         = "1402.6623",
archivePrefix  = "arXiv",
primaryClass   = "hep-ph",
SLACcitation   = "%%CITATION = ARXIV:1402.6623;%%"
}
@article{H1:2018flt,
author         = "Abramowicz, H. and others",
title          = "{Combination and QCD analysis of charm and beauty
    production cross-section measurements in deep inelastic
    $ep$ scattering at HERA}",
collaboration  = "H1, ZEUS",
journal        = "Eur. Phys. J.",
volume         = "C78",
year           = "2018",
number         = "6",
pages          = "473",
doi            = "10.1140/epjc/s10052-018-5848-3",
eprint         = "1804.01019",
archivePrefix  = "arXiv",
primaryClass   = "hep-ex",
reportNumber   = "DESY 18-037, DESY-18-037",
SLACcitation   = "%%CITATION = ARXIV:1804.01019;%%"
}
@article{Bertone:2016ywq,
author         = "Bertone, Valerio and others",
title          = "{A determination of $m_c(m_c)$ from HERA data using a
    matched heavy-flavor scheme}",
collaboration  = "xFitter Developers' Team",
journal        = "JHEP",
volume         = "08",
year           = "2016",
pages          = "050",
doi            = "10.1007/JHEP08(2016)050",
eprint         = "1605.01946",
archivePrefix  = "arXiv",
primaryClass   = "hep-ph",
reportNumber   = "OUTP-16-10P, DESY-16-078",
SLACcitation   = "%%CITATION = ARXIV:1605.01946;%%"
}
@article{Bhattacharya:2015jpa,
      author         = "Bhattacharya, Atri and Enberg, Rikard and Reno, Mary Hall
                        and Sarcevic, Ina and Stasto, Anna",
      title          = "{Perturbative charm production and the prompt atmospheric
                        neutrino flux in light of RHIC and LHC}",
      journal        = "JHEP",
      volume         = "06",
      year           = "2015",
      pages          = "110",
      doi            = "10.1007/JHEP06(2015)110",
      eprint         = "1502.01076",
      archivePrefix  = "arXiv",
      primaryClass   = "hep-ph",
      reportNumber   = "NORDITA-2015-9",
      SLACcitation   = "%%CITATION = ARXIV:1502.01076;%%"
}
@article{Lisovyi:2015uqa,
      author         = "Lisovyi, Mykhailo and Verbytskyi, Andrii and Zenaiev,
                        Oleksandr",
      title          = "{Combined analysis of charm-quark fragmentation-fraction
                        measurements}",
      journal        = "Eur. Phys. J.",
      volume         = "C76",
      year           = "2016",
      number         = "7",
      pages          = "397",
      doi            = "10.1140/epjc/s10052-016-4246-y",
      eprint         = "1509.01061",
      archivePrefix  = "arXiv",
      primaryClass   = "hep-ex",
      reportNumber   = "MPP-2015-257",
      SLACcitation   = "%%CITATION = ARXIV:1509.01061;%%"
}
@article{Schmidt:2012az,
      author         = "Schmidt, Barbara and Steinhauser, Matthias",
      title          = "{CRunDec: a C++ package for running and decoupling of the
                        strong coupling and quark masses}",
      journal        = "Comput. Phys. Commun.",
      volume         = "183",
      year           = "2012",
      pages          = "1845-1848",
      doi            = "10.1016/j.cpc.2012.03.023",
      eprint         = "1201.6149",
      archivePrefix  = "arXiv",
      primaryClass   = "hep-ph",
      reportNumber   = "SFB-CPP-12-03, TTP12-02",
      SLACcitation   = "%%CITATION = ARXIV:1201.6149;%%"
}
@article{Gray:1990yh,
      author         = "Gray, N. and Broadhurst, David J. and Grafe, W. and
                        Schilcher, K.",
      title          = "{Three Loop Relation of Quark (Modified) Ms and Pole
                        Masses}",
      journal        = "Z. Phys.",
      volume         = "C48",
      year           = "1990",
      pages          = "673-680",
      doi            = "10.1007/BF01614703",
      reportNumber   = "OUT-4102-28",
      SLACcitation   = "%%CITATION = ZEPYA,C48,673;%%"
}
@article{Chetyrkin:1999qi,
      author         = "Chetyrkin, K. G. and Steinhauser, M.",
      title          = "{The Relation between the MS-bar and the on-shell quark
                        mass at order alpha(s)**3}",
      journal        = "Nucl. Phys.",
      volume         = "B573",
      year           = "2000",
      pages          = "617-651",
      doi            = "10.1016/S0550-3213(99)00784-1",
      eprint         = "hep-ph/9911434",
      archivePrefix  = "arXiv",
      primaryClass   = "hep-ph",
      reportNumber   = "DESY-99-174, TTP-99-47",
      SLACcitation   = "%%CITATION = HEP-PH/9911434;%%"
}
@article{Melnikov:2000qh,
      author         = "Melnikov, Kirill and Ritbergen, Timo van",
      title          = "{The Three loop relation between the MS-bar and the pole
                        quark masses}",
      journal        = "Phys. Lett.",
      volume         = "B482",
      year           = "2000",
      pages          = "99-108",
      doi            = "10.1016/S0370-2693(00)00507-4",
      eprint         = "hep-ph/9912391",
      archivePrefix  = "arXiv",
      primaryClass   = "hep-ph",
      reportNumber   = "SLAC-PUB-8321, TTP-99-51",
      SLACcitation   = "%%CITATION = HEP-PH/9912391;%%"
}
@article{Hoang:2008yj,
      author         = "Hoang, Andre H. and Jain, Ambar and Scimemi, Ignazio and
                        Stewart, Iain W.",
      title          = "{Infrared Renormalization Group Flow for Heavy Quark
                        Masses}",
      journal        = "Phys. Rev. Lett.",
      volume         = "101",
      year           = "2008",
      pages          = "151602",
      doi            = "10.1103/PhysRevLett.101.151602",
      eprint         = "0803.4214",
      archivePrefix  = "arXiv",
      primaryClass   = "hep-ph",
      reportNumber   = "MIT-CTP-3940, MPP-2008-24",
      SLACcitation   = "%%CITATION = ARXIV:0803.4214;%%"
}
@article{Moch:2014tta,
      author         = "Moch, S. and others",
      title          = "{High precision fundamental constants at the TeV scale}",
      year           = "2014",
      eprint         = "1405.4781",
      archivePrefix  = "arXiv",
      primaryClass   = "hep-ph",
      reportNumber   = "DESY-14-081, MITP-14-036",
      SLACcitation   = "%%CITATION = ARXIV:1405.4781;%%"
}
@article{Aad:2019mkw,
      author         = "Aad, Georges and others",
      title          = "{Measurement of the top-quark mass in $t\bar{t}+1$-jet
                        events collected with the ATLAS detector in $pp$
                        collisions at $\sqrt{s}=8$ TeV}",
      collaboration  = "ATLAS",
      year           = "2019",
      eprint         = "1905.02302",
      archivePrefix  = "arXiv",
      primaryClass   = "hep-ex",
      reportNumber   = "CERN-EP-2019-059",
      SLACcitation   = "%%CITATION = ARXIV:1905.02302;%%"
}
@article{Mangano:1991jk,
      author         = "Mangano, Michelangelo L. and Nason, Paolo and Ridolfi,
                        Giovanni",
      title          = "{Heavy quark correlations in hadron collisions at
                        next-to-leading order}",
      journal        = "Nucl. Phys.",
      volume         = "B373",
      year           = "1992",
      pages          = "295-345",
      doi            = "10.1016/0550-3213(92)90435-E",
      reportNumber   = "IFUP-TH-32-91, UPRF-91-308, GEF-TH-10-1991A",
      SLACcitation   = "%%CITATION = NUPHA,B373,295;%%"
}
@article{Dowling:2013baa,
      author         = "Dowling, Matthew and Moch, Sven-Olaf",
      title          = "{Differential distributions for top-quark
                        hadro-production with a running mass}",
      journal        = "Eur. Phys. J.",
      volume         = "C74",
      year           = "2014",
      number         = "11",
      pages          = "3167",
      doi            = "10.1140/epjc/s10052-014-3167-x",
      eprint         = "1305.6422",
      archivePrefix  = "arXiv",
      primaryClass   = "hep-ph",
      reportNumber   = "DESY-13-092, LPN-13-032, SFB-CPP-13-36",
      SLACcitation   = "%%CITATION = ARXIV:1305.6422;%%"
}
@article{Campbell:1999ah,
      author         = "Campbell, John M. and Ellis, R. Keith",
      title          = "{An Update on vector boson pair production at hadron
                        colliders}",
      journal        = "Phys. Rev.",
      volume         = "D60",
      year           = "1999",
      pages          = "113006",
      doi            = "10.1103/PhysRevD.60.113006",
      eprint         = "hep-ph/9905386",
      archivePrefix  = "arXiv",
      primaryClass   = "hep-ph",
      reportNumber   = "FERMILAB-PUB-99-146-T",
      SLACcitation   = "%%CITATION = HEP-PH/9905386;%%"
}
@article{Campbell:2011bn,
      author         = "Campbell, John M. and Ellis, R. Keith and Williams,
                        Ciaran",
      title          = "{Vector boson pair production at the LHC}",
      journal        = "JHEP",
      volume         = "07",
      year           = "2011",
      pages          = "018",
      doi            = "10.1007/JHEP07(2011)018",
      eprint         = "1105.0020",
      archivePrefix  = "arXiv",
      primaryClass   = "hep-ph",
      reportNumber   = "FERMILAB-PUB-11-182-T",
      SLACcitation   = "%%CITATION = ARXIV:1105.0020;%%"
}
