@article{Sirunyan:2019zvx,
      author         = "Sirunyan, Albert M and others",
      title          = "{Measurement of $\mathrm{t\bar t}$ normalised
                        multi-differential cross sections in pp collisions at
                        $\sqrt s=13$ TeV, and simultaneous determination of the
                        strong coupling strength, top quark pole mass, and parton
                        distribution functions}",
      collaboration  = "CMS",
      journal        = "Submitted to: Eur. Phys. J.",
      year           = "2019",
      eprint         = "1904.05237",
      archivePrefix  = "arXiv",
      primaryClass   = "hep-ex",
      reportNumber   = "CMS-TOP-18-004, CERN-EP-2019-028",
      SLACcitation   = "%%CITATION = ARXIV:1904.05237;%%"
}

@article{Fuster:2017rev,
      author         = "Fuster, J. and Irles, A. and Melini, D. and Uwer, P. and
                        Vos, M.",
      title          = "{Extracting the top-quark running mass using $t\bar{t} +
                        \hbox {1-jet}$ events produced at the Large Hadron
                        Collider}",
      journal        = "Eur. Phys. J.",
      volume         = "C77",
      year           = "2017",
      number         = "11",
      pages          = "794",
      doi            = "10.1140/epjc/s10052-017-5354-z",
      eprint         = "1704.00540",
      archivePrefix  = "arXiv",
      primaryClass   = "hep-ph",
      reportNumber   = "HU-EP-17-05, LAL-17-034, DESY-17-053",
      SLACcitation   = "%%CITATION = ARXIV:1704.00540;%%"
}


@article{Abazov:2011pta,
      author         = "Abazov, Victor Mukhamedovich and others",
      title          = "{Determination of the pole and $\overline{MS}$ masses of
                        the top quark from the $t\bar{t}$ cross section}",
      collaboration  = "D0",
      journal        = "Phys. Lett.",
      volume         = "B703",
      year           = "2011",
      pages          = "422-427",
      doi            = "10.1016/j.physletb.2011.08.015",
      eprint         = "1104.2887",
      archivePrefix  = "arXiv",
      primaryClass   = "hep-ex",
      reportNumber   = "FERMILAB-PUB-11-177-E",
      SLACcitation   = "%%CITATION = ARXIV:1104.2887;%%"
}


@article{Bertone:2014zva,
      author         = "Bertone, Valerio and Frederix, Rikkert and Frixione,
                        Stefano and Rojo, Juan and Sutton, Mark",
      title          = "{aMCfast: automation of fast NLO computations for PDF
                        fits}",
      journal        = "JHEP",
      volume         = "08",
      year           = "2014",
      pages          = "166",
      doi            = "10.1007/JHEP08(2014)166",
      eprint         = "1406.7693",
      archivePrefix  = "arXiv",
      primaryClass   = "hep-ph",
      reportNumber   = "CERN-PH-TH-2014-009, OUTP-14-10P",
      SLACcitation   = "%%CITATION = ARXIV:1406.7693;%%"
}

@article{Carli:2010rw,
    author         = "Carli, Tancredi and Clements, Dan and Cooper-Sarkar,
    Amanda and Gwenlan, Claire and Salam, Gavin P. and
    Siegert, Frank and Starovoitov, Pavel and Sutton, Mark",
    title          = "{A posteriori inclusion of parton density functions in
    NLO QCD final-state calculations at hadron colliders: The
    ApplGrid project}",
    journal        = "Eur. Phys. J. C",
    volume         = "66",
    year           = "2010",
    pages          = "503",
    doi            = "10.1140/epjc/s10052-010-1255-0",
    eprint         = "0911.2985",
    archivePrefix  = "arXiv",
    primaryClass   = "hep-ph",
    SLACcitation   = "%%CITATION = ARXIV:0911.2985;%%"
}


@article{Alwall:2014hca,
    author         = "Alwall, J. and Frederix, R. and Frixione, S. and Hirschi,
    V. and Maltoni, F. and Mattelaer, O. and Shao, H. -S. and
    Stelzer, T. and Torrielli, P. and Zaro, M.",
    title          = "{The automated computation of tree-level and
    next-to-leading order differential cross sections, and
    their matching to parton shower simulations}",
    journal        = "JHEP",
    volume         = "07",
    year           = "2014",
    pages          = "079",
    doi            = "10.1007/JHEP07(2014)079",
    eprint         = "1405.0301",
    archivePrefix  = "arXiv",
    primaryClass   = "hep-ph"
}

@article{Aad:2015waa,
      author         = "Aad, Georges and others",
      title          = "{Determination of the top-quark pole mass using $
                        t\overline{t} $ + 1-jet events collected with the ATLAS
                        experiment in 7 TeV pp collisions}",
      collaboration  = "ATLAS",
      journal        = "JHEP",
      volume         = "10",
      year           = "2015",
      pages          = "121",
      doi            = "10.1007/JHEP10(2015)121",
      eprint         = "1507.01769",
      archivePrefix  = "arXiv",
      primaryClass   = "hep-ex",
      reportNumber   = "CERN-PH-EP-2015-100",
      SLACcitation   = "%%CITATION = ARXIV:1507.01769;%%"
}

@article{Alioli:2013mxa,
      author         = "Alioli, Simone and Fernandez, Patricia and Fuster, Juan
                        and Irles, Adrian and Moch, Sven-Olaf and Uwer, Peter and
                        Vos, Marcel",
      title          = "{A new observable to measure the top-quark mass at hadron
                        colliders}",
      journal        = "Eur. Phys. J.",
      volume         = "C73",
      year           = "2013",
      pages          = "2438",
      doi            = "10.1140/epjc/s10052-013-2438-2",
      eprint         = "1303.6415",
      archivePrefix  = "arXiv",
      primaryClass   = "hep-ph",
      reportNumber   = "DESY-13-014, HU-EP-12-30, IFIC-13-08, LPN-13-011,
                        SFB-CPP-13-06",
      SLACcitation   = "%%CITATION = ARXIV:1303.6415;%%"
}
